@article{de2007iterative,
  title={Iterative filtering for a dynamical reputation system},
  author={de Kerchove, Cristobald and Van Dooren, Paul},
  journal={arXiv preprint arXiv:0711.3964},
  year={2007}
}

@article{javaheri2003filtering,
  title={Filtering in finance},
  author={Javaheri, Alireza and Lautier, Delphine and Galli, Alain},
  journal={Wilmott},
  volume={3},
  pages={67--83},
  year={2003}
}

@article{ormoneit1999regularization,
  title={A regularization approach to continuous learning with an application to financial derivatives pricing},
  author={Ormoneit, Dirk},
  journal={Neural Networks},
  volume={12},
  number={10},
  pages={1405--1412},
  year={1999},
  publisher={Elsevier}
}

@article{trueman1994analyst,
  title={Analyst forecasts and herding behavior},
  author={Trueman, Brett},
  journal={The Review of Financial Studies},
  volume={7},
  number={1},
  pages={97--124},
  year={1994},
  publisher={Oxford University Press}
}

@article{sadka2007analyst,
  title={Analyst disagreement, mispricing, and liquidity},
  author={Sadka, Ronnie and Scherbina, Anna},
  journal={The Journal of Finance},
  volume={62},
  number={5},
  pages={2367--2403},
  year={2007},
  publisher={Wiley Online Library}
}

@article{da2011relative,
  title={Relative valuation and analyst target price forecasts},
  author={Da, Zhi and Schaumburg, Ernst},
  journal={Journal of Financial Markets},
  volume={14},
  number={1},
  pages={161--192},
  year={2011},
  publisher={Elsevier}
}

@article{allahbakhsh2015iterative,
  title={An iterative method for calculating robust rating scores},
  author={Allahbakhsh, Mohammad and Ignjatovic, Aleksandar},
  journal={IEEE Transactions on Parallel and Distributed Systems},
  volume={26},
  number={2},
  pages={340--350},
  year={2015},
  publisher={IEEE}
}

@article{laureti2006information,
  title={Information filtering via iterative refinement},
  author={Laureti, Paolo and Moret, Lionel and Zhang, Y-C and Yu, Y-K},
  journal={EPL (Europhysics Letters)},
  volume={75},
  number={6},
  pages={1006},
  year={2006},
  publisher={IOP Publishing}
}

@article{yu2006decoding,
  title={Decoding information from noisy, redundant, and intentionally distorted sources},
  author={Yu, Yi-Kuo and Zhang, Yi-Cheng and Laureti, Paolo and Moret, Lionel},
  journal={Physica A: Statistical Mechanics and its Applications},
  volume={371},
  number={2},
  pages={732--744},
  year={2006},
  publisher={Elsevier}
}

@article{de2010iterative,
  title={Iterative filtering in reputation systems},
  author={De Kerchove, Cristobald and Van Dooren, Paul},
  journal={SIAM Journal on Matrix Analysis and Applications},
  volume={31},
  number={4},
  pages={1812--1834},
  year={2010},
  publisher={SIAM}
}

@inproceedings{li2012robust,
  title={Robust reputation-based ranking on bipartite rating networks},
  author={Li, Rong-Hua and Xu Yu, Jeffery and Huang, Xin and Cheng, Hong},
  booktitle={Proceedings of the 2012 SIAM international conference on data mining},
  pages={612--623},
  year={2012},
  organization={SIAM}
}

@article{liao2014ranking,
  title={Ranking reputation and quality in online rating systems},
  author={Liao, Hao and Zeng, An and Xiao, Rui and Ren, Zhuo-Ming and Chen, Duan-Bing and Zhang, Yi-Cheng},
  journal={PloS one},
  volume={9},
  number={5},
  pages={e97146},
  year={2014},
  publisher={Public Library of Science}
}

@article{galletti2012mathematical,
  title={A mathematical model of collaborative reputation systems},
  author={Galletti, Ardelio and Giunta, Giulio and Schmid, G},
  journal={International Journal of Computer Mathematics},
  volume={89},
  number={17},
  pages={2315--2332},
  year={2012},
  publisher={Taylor \& Francis}
}

@article{zhang2016learning,
  title={Learning user credibility for product ranking},
  author={Zhang, Rong and Gao, Ming and He, Xiaofeng and Zhou, Aoying},
  journal={Knowledge and Information Systems},
  volume={46},
  number={3},
  pages={679--705},
  year={2016},
  publisher={Springer}
}

@phdthesis{bradai2014secured,
  title={Secured trust and reputation system: analysis of malicious behaviors and optimization},
  author={Bradai, Amira},
  year={2014},
  school={Institut National des T{\'e}l{\'e}communications}
}

@inproceedings{rezvani2017robust,
  title={A Robust and Fast Reputation System for Online Rating Systems},
  author={Rezvani, Mohsen and Rezvani, Mojtaba},
  booktitle={International Conference on Web Information Systems Engineering},
  pages={175--183},
  year={2017},
  organization={Springer}
}

@article{rezvani2018provenance,
  title={A Provenance-Aware Multi-Dimensional Reputation System For Online Rating Systems},
  author={Rezvani, Mohsen and Ignjatovic, Aleksandar and Bertino, Elisa},
  journal={ACM Transactions on Internet Technology (TOIT)},
  volume={18},
  number={4},
  pages={55},
  year={2018},
  publisher={ACM}
}

@article{allahbakhsh2015robust,
  title={Robust evaluation of products and reviewers in social rating systems},
  author={Allahbakhsh, Mohammad and Ignjatovic, Aleksandar and Motahari-Nezhad, Hamid Reza and Benatallah, Boualem},
  journal={World Wide Web},
  volume={18},
  number={1},
  pages={73--109},
  year={2015},
  publisher={Springer}
}

@inproceedings{ignjatovic2009computing,
  title={Computing marks from multiple assessors using adaptive averaging},
  author={Ignjatovic, Aleksandar and Lee, Chung Tong and Kutay, Cat and Guo, Hui and Compton, Paul},
  booktitle={International Conference on Engineering Education (ICEE)},
  year={2009}
}

@article{zhou2011robust,
  title={A robust ranking algorithm to spamming},
  author={Zhou, Yan-Bo and Lei, Ting and Zhou, Tao},
  journal={EPL (Europhysics Letters)},
  volume={94},
  number={4},
  pages={48002},
  year={2011},
  publisher={IOP Publishing}
}

@booklet{ifNotes4121,
  title={COMP4121 Lecture Notes - Topic 4, More fixed points algorithms: Iterative Filtering algorithms for robust aggregation of sensor data},
  author={Ignjatovic, Aleksander},
  year={2018}
}

@article{sillyDeutsche,
    title={Deutsche Bank's Legal Troubles Just Don't Seem to End: Timeline},
    author={Comfort, Nicholas},
    year={2018},
    month={11},
    journal={Bloomberg}
}

@article{juselius2014testing,
  title={Testing for near I (2) trends when the signal to noise ratio is small},
  author={Juselius, Katarina},
  journal={Available at SSRN 2397749},
  year={2014}
}

@manual{ibesMan,
    title={A Guide to the I/B/E/S Analyst-By-Analyst Historical Earnings Estimate Database},
    author={Thompson Reuters},
    year={2016},
    month={12}
}

@article{blanchett2013alpha,
  title={Alpha, beta, and nowâ€¦ gamma},
  author={Blanchett, David and Kaplan, Paul},
  journal={The Journal of Retirement},
  volume={1},
  number={2},
  pages={29--45},
  year={2013},
  publisher={Institutional Investor Journals Umbrella}
}
@article{robert2003strategic,
  title={Strategic decision speed and firm performance},
  author={Robert Baum, J and Wally, Stefan},
  journal={Strategic management journal},
  volume={24},
  number={11},
  pages={1107--1129},
  year={2003},
  publisher={Wiley Online Library}
}

@article{hung2009defining,
  title={Defining and measuring financial literacy},
  author={Hung, Angela and Parker, Andrew M and Yoong, Joanne},
  year={2009},
  publisher={RAND Working Paper Series WR-708}
}

@article{holmes2009seeking,
  title={Seeking alpha or creating beta? Charting the rise of hedge fund-based financial ecosystems},
  author={Holmes, Christopher},
  journal={New Political Economy},
  volume={14},
  number={4},
  pages={431--450},
  year={2009},
  publisher={Taylor \& Francis}
}

@article{sharpe1964capital,
  title={Capital asset prices: A theory of market equilibrium under conditions of risk},
  author={Sharpe, William F},
  journal={The journal of finance},
  volume={19},
  number={3},
  pages={425--442},
  year={1964},
  publisher={Wiley Online Library}
}

@article{fama1992cross,
  title={The cross-section of expected stock returns},
  author={Fama, Eugene F and French, Kenneth R},
  journal={the Journal of Finance},
  volume={47},
  number={2},
  pages={427--465},
  year={1992},
  publisher={Wiley Online Library}
}

@article{bogousslavsky2016infrequent,
  title={Infrequent rebalancing, return autocorrelation, and seasonality},
  author={Bogousslavsky, Vincent},
  journal={The Journal of Finance},
  volume={71},
  number={6},
  pages={2967--3006},
  year={2016},
  publisher={Wiley Online Library}
}














